@online{win32-GetLastError,
    title = "GetLastError function (errhandlingapi.h) | Microsoft Docs",
    url  = "https://docs.microsoft.com/en-gb/windows/win32/api/errhandlingapi/nf-errhandlingapi-getlasterror",
    addendum = "(accessed: 08.11.2020)"
}

@online{win32-VirtualAlloc,
    title = "VirtualAlloc function (memoryapi.h) | Microsoft Docs",
    url  = "https://docs.microsoft.com/en-gb/windows/win32/api/memoryapi/nf-memoryapi-virtualalloc",
    addendum = "(accessed: 08.11.2020)"
}

@online{win32-VirtualFree,
    title = "VirtualFree function (memoryapi.h) | Microsoft Docs",
    url  = "https://docs.microsoft.com/en-us/windows/win32/api/memoryapi/nf-memoryapi-virtualfree",
    addendum = "(accessed: 08.11.2020)"
}

@online{win32-VirtualProtect,
    title = "VirtualProtect function (memoryapi.h) | Microsoft Docs",
    url  = "https://docs.microsoft.com/en-us/windows/win32/api/memoryapi/nf-memoryapi-virtualprotect",
    addendum = "(accessed: 08.11.2020)"
}

@online{msvc-calling-conventions,
    title = "Argument Passing and Naming Conventions | Microsoft Docs",
    url  = "https://docs.microsoft.com/en-us/cpp/cpp/argument-passing-and-naming-conventions",
    addendum = "(accessed: 08.11.2020)"
}

@online{msvc-registers,
    title = "Using and Preserving Registers in Inline Assembly | Microsoft Docs",
    url  = "https://docs.microsoft.com/en-us/cpp/assembler/inline/using-and-preserving-registers-in-inline-assembly",
    addendum = "(accessed: 22.12.2020)"
}

@online{__cdecl,
    title = "\_\_cdecl | Microsoft Docs",
    url  = "https://docs.microsoft.com/en-us/cpp/cpp/cdecl",
    addendum = "(accessed: 08.11.2020)"
}

@online{__clrcall,
    title = "\_\_clrcall | Microsoft Docs",
    url  = "https://docs.microsoft.com/en-us/cpp/cpp/clrcall",
    addendum = "(accessed: 08.11.2020)"
}

@online{__stdcall,
    title = "\_\_stdcall | Microsoft Docs",
    url  = "https://docs.microsoft.com/en-us/cpp/cpp/stdcall",
    addendum = "(accessed: 08.11.2020)"
}

@online{__fastcall,
    title = "\_\_fastcall | Microsoft Docs",
    url  = "https://docs.microsoft.com/en-us/cpp/cpp/fastcall",
    addendum = "(accessed: 08.11.2020)"
}

@online{__thiscall,
    title = "\_\_thiscall | Microsoft Docs",
    url  = "https://docs.microsoft.com/en-us/cpp/cpp/thiscall",
    addendum = "(accessed: 08.11.2020)"
}

@online{__vectorcall,
    title = "\_\_vectorcall | Microsoft Docs",
    url  = "https://docs.microsoft.com/en-us/cpp/cpp/vectorcall",
    addendum = "(accessed: 08.11.2020)"
}

@online{__declspec,
    title = "\_\_declspec | Microsoft Docs",
    url  = "https://docs.microsoft.com/en-us/cpp/cpp/declspec",
    addendum = "(accessed: 08.11.2020)"
}

@online{__declspec:align,
    title = "align (C++) | Microsoft Docs",
    url  = "https://docs.microsoft.com/en-us/cpp/cpp/align-cpp",
    addendum = "(accessed: 08.11.2020)"
}

@online{ptrs_to_member_funcs,
    title = "Pointers to Member Functions, C++ FAQ",
    url  = "https://isocpp.org/wiki/faq/pointers-to-members",
    addendum = "(accessed: 23.12.2020)"
}

@online{msvc-x64-calling-conv,
    title = "x64 calling convention | Microsoft Docs",
    url  = "https://docs.microsoft.com/en-us/cpp/build/x64-calling-convention",
    addendum = "(accessed: 23.12.2020)"
}

@online{dolphin,
    title = "Dolphin Emulator | GameCube/Wii games on PC",
    url  = "https://dolphin-emu.org",
    addendum = "(accessed: 16.1.2021)"
}

@online{PCSX2,
    title = "PCSX2 \- The Playstation 2 emulator",
    url  = "https://pcsx2.net",
    addendum = "(accessed: 16.1.2021)"
}

@online{PCSX2-getting-started,
    title = "PCSX2 \- The Playstation 2 emulator \- Getting Started",
    url  = "https://pcsx2.net/getting-started.html",
    addendum = "(accessed: 18.1.2021)"
}

@online{apple-silicon,
    title = "Apple announces Mac transition to Apple silicon",
    url  = "https://www.apple.com/uk/newsroom/2020/06/apple-announces-mac-transition-to-apple-silicon/",
    addendum = "(accessed: 16.1.2021)"
}

@online{ibm-mainframe,
    title = "Who uses mainframes and why do they do it?",
    url  = "https://www.ibm.com/support/knowledgecenter/zosbasics/com.ibm.zos.zmainframe/zconc_whousesmf.htm",
    addendum = "(accessed: 17.1.2021)"
}

@online{rosetta2,
    title = "About the Rosetta Translation Environment | Apple Developer Documentation",
    url  = "https://developer.apple.com/documentation/apple_silicon/about_the_rosetta_translation_environment",
    addendum = "(accessed: 17.1.2021)"
}

@online{qemu,
    title = "QEMU",
    url  = "https://www.qemu.org",
    addendum = "(accessed: 17.1.2021)"
}

@online{mario-emulation,
    title = "Dataminer Shares New Details About The Emulation In Super Mario 3D All-Stars - Nintendo Life",
    url  = "https://www.nintendolife.com/news/2020/09/dataminer_shares_new_details_about_the_emulation_in_super_mario_3d_all-stars",
    addendum = "(accessed: 17.1.2021)"
}

@online{xbox360-emulation,
    title = "Microsoft Compares Sony’s Exclusive Line-up With Theirs, Comments On Backwards Compatability \& More",
    url  = "https://gamingbolt.com/microsoft-compares-sonys-exclusive-line-up-with-theirs-comments-on-backwards-compatability-more",
    addendum = "(accessed: 17.1.2021)"
}

@online{ars-technica-big-sur,
    title = "macOS 11.0 Big Sur: The Ars Technica review | Ars Technica",
    url  = "https://arstechnica.com/gadgets/2020/11/macos-11-0-big-sur-the-ars-technica-review/10/",
    addendum = "(accessed: 19.1.2021)"
}

@online{cnet-rosetta,
    title = "The brains behind Apple's Rosetta: Transitive \- CNET",
    url  = "https://www.cnet.com/news/the-brains-behind-apples-rosetta-transitive/",
    addendum = "(accessed: 19.1.2021)"
}

@online{blackberry-win10-arm-emu,
    title = "Teardown: Windows 10 on ARM \- x86 Emulation",
    url  = "https://blogs.blackberry.com/en/2019/09/teardown-windows-10-on-arm-x86-emulation",
    addendum = "(accessed: 19.1.2021)"
}

@online{win10-arm-x64-emu,
    title = "Introducing x64 emulation in preview for Windows 10 on ARM PCs to the Windows Insider Program | Windows Insider Blog",
    url  = "https://blogs.windows.com/windows-insider/2020/12/10/introducing-x64-emulation-in-preview-for-windows-10-on-arm-pcs-to-the-windows-insider-program/",
    addendum = "(accessed: 19.1.2021)"
}

@online{apple-rosetta,
    title = "Rosetta | Apple",
    url  = "https://web.archive.org/web/20101116094453/http://www.apple.com/asia/rosetta/",
    addendum = "(accessed: 19.1.2021)"
}

@online{docs-win10-arm-emu,
    title = "How x86 emulation works on ARM | Microsoft Docs",
    url  = "https://docs.microsoft.com/en-us/windows/uwp/porting/apps-on-arm-x86-emulation",
    addendum = "(accessed: 19.1.2021)"
}

@online{WOW64,
    title = "Running 32-bit Applications | Microsoft Docs",
    url  = "https://docs.microsoft.com/en-us/windows/win32/winprog64/running-32-bit-applications",
    addendum = "(accessed: 19.1.2021)"
}

@online{rosetta2-slow-launch,
    title = "Microsoft: Office will be about 20 seconds slower initially on Apple Silicon, Rosetta 2 | ZDNet",
    url  = "https://www.zdnet.com/article/microsoft-office-will-be-about-20-second-slower-initially-on-apple-silicon-rosetta-2/",
    addendum = "(accessed: 19.1.2021)"
}

@online{rosetta2-aot,
    title = "Rosetta 2 is Apple’s key to making the ARM transition less painful | The Verge",
    url  = "https://www.theverge.com/21304182/apple-arm-mac-rosetta-2-emulation-app-converter-explainer",
    addendum = "(accessed: 19.1.2021)"
}

@online{rosetta2-perf,
    title = "Rosetta2: x86-64 Translation Performance \- The 2020 Mac Mini Unleashed: Putting Apple Silicon M1 To The Test",
    url  = "https://www.anandtech.com/show/16252/mac-mini-apple-m1-tested/6",
    addendum = "(accessed: 19.1.2021)"
}

@online{nintendo-source-leak,
    title = "Using Leaked Nintendo Source Code Poses Serious Legal Risk to Emulators",
    url  = "https://www.vice.com/en/article/g5pxjx/using-leaked-nintendo-source-code-poses-serious-legal-risk-to-emulators",
    addendum = "(accessed: 19.1.2021)"
}

@online{nintendo-court-case,
    title = "Lewis Galoob Toys, Inc., Plaintiff\-appellee, v. Nintendo of America, Inc., Defendant\-appellant.nintendo of America, Inc., Plaintiff\-appellant, v. Lewis Galoob Toys, Inc., Defendant\-appellee, 964 F.2d 965 (9th Cir. 1992)",
    url  = "https://law.justia.com/cases/federal/appellate-courts/F2/964/965/341457/",
    addendum = "(accessed: 19.1.2021)"
}

@online{sega-court-case,
    title = "Sega Enters. Ltd. v. Accolade, Inc., 977 F.2d 1510 (9th Cir. 1992)",
    url  = "https://www.copyright.gov/fair-use/summaries/segaenters-accolade-9thcir1992.pdf",
    addendum = "(accessed: 19.1.2021)"
}

@online{sony-court-case,
    title = "Sony Computer Entertainment, Inc. v. Connectix Corporation 203 F.3d 596 (2000)",
    url  = "https://casetext.com/case/sony-computer-entertainment-v-connectix-corp-2",
    addendum = "(accessed: 19.1.2021)"
}